@inproceedings{coinductive,
crossref  = {DBLP:conf/iclp/2006},
author    = {Luke Simon and Ajay Mallya and Ajay Bansal and Gopal Gupta},
title     = {Coinductive Logic Programming},
}                  

@inproceedings{co-LP,
crossref  = {DBLP:conf/icalp/2007},
author    = {Luke Simon and Ajay Bansal and Ajay Mallya and Gopal Gupta},
title     = {Co-Logic Programming},
}                  

@inproceedings{guo-gupta-dra,
crossref  = {DBLP:conf/iclp/2001},
author    = {Hai-Feng Guo and Gopal Gupta},
title     = {Tabled Logic Programming with Dynamic Ordering of Alternatives},
}                  

@proceedings{DBLP:conf/iclp/2001,
  editor    = {Philippe Codognet},
  booktitle = {Logic Programming, 17th International Conference, ICLP 2001,
               Paphos, Cyprus, November 26 - December 1, 2001, Proceedings},
  publisher = {Springer},
  series    = {Lecture Notes in Computer Science},
  volume    = {2237},
  year      = {2001},
  isbn      = {3-540-42935-2},
  bibsource = {DBLP, http://dblp.uni-trier.de},
  comment   = {slightly modified by FK}
}

@proceedings{DBLP:conf/iclp/2006,
  editor    = {Sandro Etalle and
               Miros{\l}aw Truszczy{\'n}ski},
  booktitle = {Logic Programming, 22nd International Conference, ICLP 2006,
               Seattle, WA, USA, August 17-20, 2006, Proceedings},
  publisher = {Springer},
  series    = {Lecture Notes in Computer Science},
  volume    = {4079},
  year      = {2006},
  isbn      = {3-540-36635-0},
  bibsource = {DBLP, http://dblp.uni-trier.de},
  comment   = {slightly modified by FK}
}

@proceedings{DBLP:conf/icalp/2007,
  editor    = {Lars Arge and
               Christian Cachin and
               Tomasz Jurdzi{\'n}ski and
               Andrzej Tarlecki},
  booktitle = {Automata, Languages and Programming, 34th International
               Colloquium, ICALP 2007, Wroc{\l}aw, Poland, July 9-13, 2007,
               Proceedings},
  publisher = {Springer},
  series    = {Lecture Notes in Computer Science},
  volume    = {4596},
  year      = {2007},
  isbn      = {978-3-540-73419-2},
  bibsource = {DBLP, http://dblp.uni-trier.de},
  comment   = {slightly modified by FK}
}


@unpublished{gupta-coinductive-personal,
  author    = {Richard Min and Gopal Gupta},
  title     = {There is often no need to use clauses if 
               coinductive hypotheses match the goal},
  note      = {Personal communication},
  month     = {7 May},
  year      = {2009}
}
